@article    {Abubakar2015,
author    = {Abubakar, R. and Muxworthy, A. R. and Sephton, M. A. and Southern, P. and Watson, J. S. and Fraser, A. J and Almeida, T. P.},
title     = {Formation of magnetic minerals in hydrocarbon-generation conditions},
journal   = {Mar. Petrol. Geol.},
volume    = {68},
year      = {2015},
pages     = {509--519},
DOI       = {10.1016/j.marpetgeo.2015.10.003},
url       = {http://dx.doi.org/10.1016/j.marpetgeo.2015.10.003},
//publisher = {Elsevier},
}

@article    {Alnaes2015,
author    = {Aln{\ae}s, M. and Blechta, J. and Hake, J. and Johansson, A. and Kehlet, B. and Logg, A. and Richardson, C. and Ring, J. and Rognes, M. E. and Wells, G. N.},
title     = {The {FE}ni{CS} Project Version 1.5},
journal   = {Archive of Numerical Software},
volume    = {3},
number    = {100},
year      = {2015},
pages     = {9--23},
DOI       = {10.11588/ans.2015.100.20553},
url       = {http://dx.doi.org/10.11588/ans.2015.100.20553},

}

@article    {Babinszki2007,
author    = {Babinszki, E. and M{\'a}rton, E. and M{\'a}rton, P. and Kiss, L. F.},
title     = {Widespread occurrence of greigite in the sediments of {L}ake {P}annon: {I}mplications for environment and magnetostratigraphy},
journal   = {Palaeogeogr. Palaeocl.},
volume    = {252},
number    = {3},
year      = {2007},
pages     = {626--636},
DOI       = {10.1016/j.palaeo.2007.06.001},
url       = {http://dx.doi.org/10.1016/j.palaeo.2007.06.001},
//publisher = {Elsevier},
}

@article    {Berner1984,
author    = {Berner, R. A.},
title     = {Sedimentary pyrite formation: {A}n update},
journal   = {Geochim. Cosmochim. Ac.},
volume    = {48},
number    = {4},
year      = {1984},
pages     = {605--615},
DOI       = {10.1016/0016-7037(84)90089-9},
url       = {http://dx.doi.org/10.1016/0016-7037(84)90089-9},
//publisher = {Elsevier},
}

@article    {Berkov1998,
author    = {Berkov, D. V.},
title     = {Numerical calculation of the energy barrier distribution in disordered many-particle systems: {T}he path integral method},
journal   = {J. Magn. Magn. Mater.},
volume    = {186},
number    = {1},
year      = {1998},
pages     = {199--213},
DOI       = {10.1016/S0304-8853(98)00078-X},
url       = {http://dx.doi.org/10.1016/S0304-8853(98)00078-X},
//publisher = {Elsevier},
}

@book       {Brown,
author    = {Brown, W. F.},
title     = {Micromagnetics},
publisher = {Interscience},
address   = {New York},
year      = {1963},
}

@article    {Chang2008,
author    = {Chang, L. and Roberts, A. P. and Tang, Y. and Rainford, B. D. and Muxworthy, A. R. and Chen, Q.},
title     = {Fundamental magnetic parameters from pure synthetic greigite ({F}e$_3${S}$_4$)},
journal   = {J. Geophys. Res.},
volume    = {113},
number    = {B6},
year      = {2008},
DOI       = {10.1029/2007JB005502},
url       = {http://dx.doi.org/10.1029/2007JB005502},
//publisher = {American Geophysical Union},
}

@article    {Chang2009,
author    = {Chang, L. and Rainford, B. D. and Stewart, J. R. and Ritter, C. and Roberts, A. P. and Tang, Y. and Chen, Q.},
title     = {Magnetic structure of greigite ({F}e$_3${S}$_4$) probed by neutron powder diffraction and polarized neutron diffraction},
journal   = {J. Geophys. Res.},
volume    = {114},
number    = {B7},
year      = {2009},
DOI       = {10.1029/2008JB006260},
url       = {http://dx.doi.org/10.1029/2008JB006260},
//publisher = {American Geophysical Union},
}

@article    {Diaz-Ricci1992,
author    = {Diaz-Ricci, J. C. and Kirschvink, J. L.},
title     = {Magnetic domain state and coercivity predictions for biogenic greigite ({F}e$_3${S}$_4$): {A} comparison of theory with magnetosome observations},
journal   = {J. Geophys. Res.},
volume    = {97},
number    = {B12},
year      = {1992},
pages     = {17309â€“17315},
DOI       = {10.1029/92JB01290},
url       = {http://dx.doi.org/10.1029/92JB01290},
//publisher = {American Geophysical Union},
}

@article    {Dittrich2002,
author    = {Dittrich, R. and Schrefl, T. and Suess, D. and Scholz, W. and Forster, H. and Fidler, J.},
title     = {A path method for finding energy barriers and minimum energy paths in complex micromagnetic systems},
journal   = {J. Magn. Magn. Mater.},
volume    = {250},
year      = {2002},
pages     = {12--19},
DOI       = {10.1016/S0304-8853(02)00388-8},
url       = {http://dx.doi.org/10.1016/S0304-8853(02)00388-8},
//number    = {},
//publisher = {Elsevier},
}

@article    {Donovan1984,
author    = {Donovan, T. J. and Hendricks, J. D. and Roberts, A. A. and Eliason, P. T.},
title     = {Low-altitude aeromagnetic reconaissance for petroleum in the {A}rctic {N}ational {W}ildlife {R}efuge, {A}laska},
journal   = {Geophysics},
volume    = {49},
number    = {8},
pages     = {1338--1353},
year      = {1984},
DOI       = {10.1190/1.1441760},
url       = {http://dx.doi.org/10.1190/1.1441760},
//publisher = {Society of Exploration Geophysicists},
}

@book       {Dunlop,
author    = {Dunlop, D. J. and {\"O}zdemir, {\"O}.},
title     = {Rock Magnetism},
publisher = {Cambridge University Press},
address   = {Cambridge},
year      = {1997},
}

@article    {Enkin1994,
title     = {Three-dimensional micromagnetic analysis of stability in fine magnetic grains},
author    = {Enkin, R. J. and Williams, W.},
journal   = {J. Geophys. Res.},
volume    = {99},
number    = {B1},
year      = {1994},
pages     = {611--618},
DOI       = {10.1029/93JB02637},
url       = {http://dx.doi.org/10.1029/93JB02637},
//publisher = {American Geophysical Union},
}

@misc       {Fabian2017,
title     = {Energy barriers in three-dimensional micromagnetic models and the physics of thermo-viscous magnetization in multidomain particles},
author    = {Fabian, K. and Shcherbakov, V. P.},
note      = {{a}rXiv:1702.00070 [physics.geo-ph]},
year      = {2017},
url       = {http://arxiv.org/abs/1702.00070},
//volume    = {},
//pages     = {},
//DOI       = {},
//number    = {},
//publisher = {},
}

@article    {Fischbacher2017,
title     = {Nonlinear conjugate gradient methods in micromagnetics},
author    = {Fischbacher, J. and Kovacs, A. and Oezelt, H. and Schrefl, T. and Exl, L. and Fidler, J. and Suess, D. and Sakuma, N. and Yano, M. and Kato, A. and Shoji, T. and Manabe, A.},
journal   = {AIP Adv.},
volume    = {7},
number    = {4},
year      = {2017},
pages     = {045310},
DOI       = {10.1063/1.4981902},
url       = {http://dx.doi.org/10.1063/1.4981902},
//publisher = {American Institute of Physics},
}

@article     {Fredkin1990,
title      = {Hybrid method for computing demagnetizing fields},
author     = {Fredkin, D. R. and Koehler, T. R.},
journal    = {IEEE T. Magn.},
volume     = {26},
number     = {2},
pages      = {415--417},
year       = {1990},
DOI        = {10.1109/20.106342},
url        = {http://dx.doi.org/10.1109/20.106342},
//publisher={IEEE}
}

@article    {Gilbert2004,
title     = {A phenomenological theory of damping in ferromagnetic materials},
author    = {T. L. Gilbert},
journal   = {IEEE T. Magn.},
volume    = {6},
year      = {2004},
pages     = {3443--3449},
DOI       = {10.1109/TMAG.2004.836740},
url       = {http://dx.doi.org/10.1109/TMAG.2004.836740},
//publisher = {IEEE},
}

@article    {Guowei2014,
title     = {High-purity {F}e$_\text{3}${S}$_\text{4}$ greigite microcrystals for magnetic and electrochemical performance},
author    = {Guowei, L. and Baomin, Z. and Feng, Y. and Novakova, A. A. and Krivenkov, M. S. and Kiseleva, T. Y. and Chang, L. and Jiancun, R. and Polyakov, A. O. and Blake, G. R. and de Groot, R. A. and Palstra, T. T. M.},
journal   = {Chem. Mater.},
volume    = {26},
number    = {20},
year      = {2014},
pages     = {5821--5829},
DOI       = {10.1021/cm501493m},
url       = {http://dx.doi.org/10.1021/cm501493m},
//publisher = {ACS Publications},
}

@article    {Hunger2007,
title     = {Greigite: a true intermediate on the polysulfide pathway to pyrite},
author    = {Hunger, S. and Benning, L. G.},
journal   = {Geochem. T.},
volume    = {8},
number    = {1},
year      = {2007},
pages     = {605--615},
DOI       = {10.1186/1467-4866-8-1},
url       = {http://dx.doi.org/10.1186/1467-4866-8-1},
//publisher = {Springer International Publishing},
}

@article    {Imhoff1990,
title     = {An original solution for unbounded electromagnetic 2{D}- and 3{D}-problems throughout the finite element method},
author    = {Imhoff, J. F. and Meunler, G. and Brunotte, X. and Sabonnadi{\`e}re, J. C.},
journal   = {IEEE T. Magn.},
volume    = {26},
number    = {5},
pages     = {1659--1661},
year      = {1990},
DOI       = {10.1109/20.104482},
url       = {http://dx.doi.org/10.1109/20.104482},
//publisher = {IEEE},
}

@article    {Landau1935,
title     = {On the theory of the dispersion of magnetic permeability in ferromagnetic bodies	},
author    = {Landau, L. D. and Lifshitz, E.},
journal   = {Phys. Z. Sowjetunion},
volume    = {8},
number    = {153},
year      = {1935},
pages     = {101--114},
}

@article    {Larrasoana2007,
title     = {Diagenetic formation of greigite and pyrrhotite in gas hydrate marine sedimentary systems},
author    = {Larrasoa{\~n}a, J. C. and Roberts, A. P. and Musgrave, R. J. and Gr{\`a}cia, E. and Pi{\~n}ero, E. and Vega, M. and Mart{\'\i}nez-Ruiz, F.},
journal   = {Earth Planet. Sc. Lett.},
volume    = {261},
number    = {3},
year      = {2007},
pages     = {350--366},
DOI       = {10.1016/j.epsl.2007.06.032},
url       = {http://dx.doi.org/10.1016/j.epsl.2007.06.032},
//publisher = {Elsevier},
}

@article    {Lefevre2011,
author    = {Lef{\`e}vre, C. T. and Menguy, N. and Abreu, F. and Lins, U. and P{\'o}sfai, M. and Prozorov, T. and Pignol, D. and Frankel, R. B. and Bazylinski, D. A.},
title     = {A cultured greigite-producing magnetotactic bacterium in a novel group of sulfate-reducing bacteria},
journal   = {Science},
volume    = {334},
number    = {6063},
year      = {2011},
pages     = {1720--1723},
DOI       = {10.1126/science.1212596},
url       = {http://dx.doi.org/10.1126/science.1212596},
//publisher = {American Association for the Advancement of Science},
}

@article    {Li2014,
title     = {High-purity {F}e$_\text{3}${S}$_\text{4}$ greigite microcrystals for magnetic and electrochemical performance},
author    = {Li, G. and Zhang, B. and Yu, F. and Novakova, A. A. and Krivenkov, M. S. and Kiseleva, T. Y. and Chang, L. and Rao, J. and Polyakov, A. O. and Blake, G. R. and de Groot, R. A. and Palstra, T. T. M.},
journal   = {Chem. Mater.},
volume    = {26},
number    = {20},
year      = {2014},
pages     = {5821--5829},
DOI       = {10.1021/cm501493m},
url       = {https://dx.doi.org/10.1021/cm501493m},
//publisher = {ACS Publications},
}

@article    {Mann1990,
author    = {Mann, S. and Sparks, N. H. C. and Frankel, R. B. and Bazylinski, D. A. and Jannasch, H. W.},
title     = {Biomineralization of ferrimagnetic greigite ({F}e$_3${S}$_4$) and iron pyrite ({F}e{S}$_2$) in a magnetotactic bacterium},
journal   = {Nature},
volume    = {343},
number    = {6255},
year      = {1990},
pages     = {258--261},
DOI       = {10.1038/343258a0},
url       = {http://dx.doi.org/10.1038/343258a0},
//publisher = {Nature Publishing Group},
}

@article    {McNab1968,
title     = {Some magnetic properties of magnetite ({F}e$_3${O}$_4$) microcrystals},
author    = {McNab, T. K. and Fox, R. A. and Boyle, A. J. F.},
journal   = {J. Appl. Phys.},
volume    = {39},
number    = {12},
pages     = {5703--5711},
year      = {1968},
DOI       = {10.1063/1.1656035},
url       = {http://dx.doi.org/10.1063/1.1656035},
//publisher = {AIP Publishing},
}

@article    {Muxworthy2006,
title     = {Critical single-domain/multidomain grain sizes in noninteracting and interacting elongated magnetite particles: {I}mplications for magnetosomes},
author    = {Muxworthy, A. R. and Williams, W.},
journal   = {J. Geophys. Res.},
volume    = {111},
number    = {B12},
year      = {2006},
pages     = {},
DOI       = {10.1029/2006JB004588},
url       = {http://dx.doi.org/10.1029/2006JB004588},
//publisher = {American Geophysical Union},
}

@article    {Muxworthy2013,
title     = {Critical single domain grain sizes in chains of interacting greigite particles: {I}mplications for magnetosome crystals},
author    = {Muxworthy, A. R. and Williams, W. and Roberts, A. P. and Winklhofer, M. and Chang, L. and P{\'o}sfai, M.},
journal   = {Geochem. Geophys. Geosyst.},
volume    = {14},
number    = {2},
year      = {2013},
pages     = {5430--5441},
DOI       = {10.1002/2013GC004973},
url       = {http://dx.doi.org/10.1002/2013GC004973},
//publisher = {American Geophysical Union},
}

@phdthesis  {Nagy2016,
title     = {Parallelisation of micromagnetic simulations},
author    = {Nagy, L.},
school    = {University of Edinburgh},
year      = {2016},
//pages     = {},
//DOI       = {},
//number    = {},
//publisher = {},
}

@article    {Nagy2017,
title     = {Stability of equidimensional pseudo--single domain magnetite over billion-year time-scales},
author    = {Nagy, L. and Williams, W. and Muxworthy, A. R. and Fabian, K. and Almeida, T. P. and {\'O} Conbhu{\'i}, P. and Shcherbakov, V. P.},
year      = {2017},
journal   = {PNAS},
volume    = {114},
number    = {39},
pages     = {10356--10360},
DOI       = {10.1073/pnas.1708344114},
url       = {http://dx.doi.org/10.1073/pnas.1708344114},
//publisher = {United States National Academy of Sciences},
}

@article    {Neel1949,
title     = {Th{\'e}orie du tra{\^{i}}nage magn{\'e}tique des ferromagn{\'e}tiques en grains fins avex applications aux terres cuites},
author    = {N{\'e}el, L.},
journal   = {Ann. Geophys.},
volume    = {5},
year      = {1949},
pages     = {99--136},
}

@article    {Neel1955,
title     = {Some theoretical aspects of rock-magnetism},
author    = {N{\'e}el, L.},
journal   = {Adv. Phys.},
volume    = {4},
number    = {14},
year      = {1955},
pages     = {191--243},
DOI       = {10.1080/00018735500101204},
url       = {http://dx.doi.org/10.1080/00018735500101204},
//publisher = {Taylor \& Francis}
}

@article    {OConbhui2017,
title     = {{MERRILL: Micromagnetic Earth Related Robust Interpreted Language Laboratory}},
author    = {\'O Conbhu\'i, P. and Williams, W. and Fabian, K. and Ridley, P. and Nagy, L. and Muxworthy, A. R.},
year      = {2017},
note      = {. Submitted to Geochem. Geophys. Geosyst.},
//journal   = {},
//volume    = {},
//number    = {},
//DOI       = {},
//url       = {},
//publisher = {Wiley Online Library}
}

@article    {Rave1998,
title     = {Corners and nucleation in micromagnetics},
author    = {Rave, W. and Ramst{\"o}ck, K. and Hubert, A.},
journal   = {J. Magn. Magn. Mater.},
volume    = {183},
number    = {3},
year      = {1998},
pages     = {329--333},
DOI       = {10.1016/S0304-8853(97)01086-X},
url       = {http://dx.doi.org/10.1016/S0304-8853(97)01086-X},
//publisher = {Elsevier},
}

@inproceedings {Reynolds1993,
title        = {Sulfidization and magnetization above hydrocarbon reservoirs},
author       = {Reynolds, R. L. and Goldhaber, M. B. and Tuttle, M. L.},
booktitle    = {Applications of Paleomagnetism to Sedimentary Geology},
editor       = {A{\"i}ssaoui, D. M. and McNeill, D. F. and Hurley, N. F.},
series       = {SEPM Special Publication},
number       = {49},
pages        = {167--179},
address	     = {Tulsa, Oklahoma, U.S.A.},
organization = {SEPM (Society for Sedimentary Geology)},
publisher    = {SEPM (Society for Sedimentary Geology)},
year         = {1993},
month        = {September},
}

@article    {Roberts2011,
title     = {Magnetic properties of sedimentary greigite ({F}e$_3${S}$_4$): An update},
author    = {Roberts, A. P. and Chang, L. and Rowan, C. J. and Horng, C. -S. and Florindo, F.},
journal   = {Rev. Geophys.},
volume    = {49},
number    = {1},
year      = {2011},
DOI       = {10.1029/2010RG000336},
url       = {http://dx.doi.org/10.1029/2010RG000336},
//pages     = {},
//publisher = {American Geophysical Union},
}

@article    {Roberts1993,
title     = {Diagenetic formation of ferrimagnetic iron sulphide minerals in rapidly deposited marine sediments, {S}outh {I}sland, {N}ew {Z}ealand},
author    = {Roberts, A. P. and Turner, G. M.},
journal   = {Earth Planet. Sc. Lett.},
volume    = {115},
number    = {1},
year      = {1993},
pages     = {257--273},
DOI       = {10.1016/0012-821X(93)90226-Y},
url       = {http://dx.doi.org/10.1016/0012-821X(93)90226-Y},
//publisher = {Elsevier},
}

@article    {Roberts2005,
title     = {Multiple mechanisms of remagnetization involving sedimentary greigite ({F}e$_3${S}$_4$)},
author    = {Roberts, A. P. and Weaver, R.},
journal   = {Earth Planet. Sc. Lett.},
volume    = {231},
number    = {3},
pages     = {263--277},
year      = {2005},
DOI       = {10.1016/j.epsl.2004.11.024},
url       = {http://dx.doi.org/10.1016/j.epsl.2004.11.024},
//publisher = {Elsevier},
}

@article    {Ron2007,
title     = {Greigite detected as dominating remanence carrier in {L}ate {P}leistocene sediments, {L}isan formation, from {L}ake {K}inneret ({S}ea of {G}alilee), {I}srael},
author    = {Ron, H. and Nowaczyk, N. R. and Frank, U. and Schwab, M. J. and Naumann, R. and Striewski, B. and Agnon, A.},
journal   = {Geophys. J. Int.},
volume    = {170},
number    = {1},
year      = {2007},
pages     = {117--131},
DOI       = {10.1111/j.1365-246X.2007.03425.x},
url       = {http://dx.doi.org/10.1111/j.1365-246X.2007.03425.x},
//publisher = {Oxford University Press},
}

@article    {Rowan2006,
author    = {Rowan, C. J. and Roberts, A. P.},
title     = {Magnetite dissolution, diachronous greigite formation, and secondary magnetizations from pyrite oxidation: {U}nravelling complex magnetizations in {N}eogene marine sediments from {N}ew {Z}ealand},
journal   = {Earth Planet. Sc. Lett.},
volume    = {241},
number    = {1},
year      = {2006},
pages     = {119--137},
DOI       = {10.1016/j.epsl.2005.10.017},
url       = {http://dx.doi.org/10.1016/j.epsl.2005.10.017},
//publisher = {Elsevier},
}

@article    {Rowan2009,
title     = {Reductive diagenesis, magnetite dissolution, greigite growth and paleomagnetic smoothing in marine sediments: {A} new view},
author    = {Rowan, C. J. and Roberts, A. P. and Broadbent, T.},
journal   = {Earth Planet. Sc. Lett.},
volume    = {277},
number    = {1},
pages     = {223--235},
year      = {2009},
DOI       = {10.1016/j.epsl.2008.10.016},
url       = {http://dx.doi.org/10.1016/j.epsl.2008.10.016},
//publisher = {Elsevier},
}

@article    {Snowball1997,
title     = {Gyroremanent magnetization and the magnetic properties of greigite-bearing clays in southern {S}weden},
author    = {Snowball, I. F.},
journal   = {Geophys. J. Int.},
volume    = {129},
number    = {3},
year      = {1997},
pages     = {624--636},
DOI       = {10.1111/j.1365-246X.1997.tb04498.x},
url       = {http://dx.doi.org/10.1111/j.1365-246X.1997.tb04498.x},
//publisher = {Oxford University Press}
}

@article    {Vasiliev2008,
title     = {Putative greigite magnetofossils from the {P}liocene epoch},
author    = {Vasiliev, I. and Franke, C. and Meeldijk, J. D. and Dekkers, M. J. and Langereis, C. G. and Krigjsman, W.},
journal   = {Nat. Geosci.},
volume    = {1},
number    = {11},
year      = {2008},
pages     = {782--786},
DOI       = {10.1038/ngeo335},
url       = {http://dx.doi.org/10.1038/ngeo335},
//publisher = {Nature Publishing Group},
}


@article    {Williams2006,
title     = {Configurational anisotropy in single-domain and pseudosingle-domain grains of magnetite},
author    = {Williams, W. and Muxworthy, A. R. and Patterson, G. A.},
journal   = {J. Geophys. Res.},
volume    = {111},
number    = {B12},
year      = {2006},
DOI       = {10.1029/2006JB004556},
url       = {http://dx.doi.org/10.1029/2006JB004556},
//pages   = {},
//publisher = {American Geophysical Union},
}

@article    {Winklhofer2014,
title     = {On the magnetocrystalline anisotropy of greigite ({F}e$_3${S}$_4$)},
author    = {Winklhofer, M. and Chang, L. and Eder, S. H. K.},
journal   = {Geochem. Geophys. Geosyst.},
volume    = {15},
number    = {4},
year      = {2014},
pages     = {1558--1579},
DOI       = {10.1002/2013GC005121},
url       = {http://dx.doi.org/10.1002/2013GC005121},
//publisher = {American Geophysical Union},
}

@article    {Witt2005,
title     = {Three-dimensional micromagnetic calculations for naturally shaped magnetite: octahedra and magnetosomes},
author    = {Witt, A. and Fabian, K. and Bleil, U.},
journal   = {Earth Planet. Sc. Lett.},
volume    = {233},
number    = {3},
year      = {2005},
pages     = {311--324},
DOI       = {10.1016/j.epsl.2005.01.043},
url       = {http://dx.doi.org/10.1016/j.epsl.2005.01.043},
//publisher = {Elsevier},
}
